% Encoding: UTF-8
@InCollection{Rosch1978,
  author    = {Eleanor Rosch},
  title     = {Principles of categorization},
  booktitle = {Cognition and categorization},
  publisher = {Lawrence Erlbaum},
  year      = {1978},
  editor    = {Eleanor Rosch and Barbara B. Lloyd},
  pages     = {27--48},
  address   = {Hillsdale, NJ},
}

@InProceedings{AzevedoEA2020,
author = {Azevedo, Pedro and Leite, Bernardo and Cardoso, Henrique Lopes and Silva, Daniel Castro and Reis, Luís Paulo}, 
editor = {}, 
title = {Exploring NLP and Information Extraction to Jointly Address Question Generation and Answering}, 
booktitle = {Exploring NLP and Information Extraction to Jointly Address Question Generation and Answering}, 
volume = {IFIP International Conference on Artificial Intelligence Applications and Innovations}, 
publisher = {Springer}, 
address = {}, 
pages = {396-407}, 
year = {2020}, 
}

@InProceedings{Bawden2017,
author = {Bawden, Rachel}, 
editor = {}, 
title = {Machine Translation, it’sa question of style, innit? {The} case of {English} tag questions}, 
booktitle = {Proceedings of the 2017 Conference on Empirical Methods in Natural Language Processing}, 
publisher = {}, 
address = {}, 
pages = {2507-2512}, 
year = {2017}, 
}

@InProceedings{Evert2004,
  author    = {Stefan Evert},
  title     = {A Simple {LNRE} Model for Random Character Sequences},
  booktitle = {Proceedings of {JADT} 2004: 7es {J}ournées internationales d’{A}nalyse statistique des {D}onnées {T}extuelles},
  year      = {2004},
}

@Book{Murphy2012,
  title     = {Machine learning: {A} probabilistic perspective},
  publisher = {MIT Press},
  year      = {2012},
  author    = {Kevin P. Murphy},
  address   = {Cambridge/London},
}

@Article{Quinlan1986,
  author  = {J.R. Quinlan},
  title   = {Induction of decision trees},
  journal = {Machine Learning},
  year    = {1986},
  volume  = {1},
  pages   = {81--106},
}

@Book{Bishop2006,
	author = {Christopher Bishop},
	title = {Pattern Recognition And Machine Learning},
	publisher = {Springer},
	year = {2006}
}

@Article{MhatreEa2019,
author = {Mhatre, Kaksha and Thube, Akshada and Mahadeshwar, Hemraj and Shrivas, Avinash}, 
title = {Question Generation using {NLP}}, 
journal = {International Journal of Scientific Research \& Engineering Trends}, 
volume = {5}, 
number = {2}, 
pages = {394--397}, 
year = {2019}, 
abstract = {}, 
location = {}, 
keywords = {}}

@inproceedings{KhullarEa2018,
  title={Automatic question generation using relative pronouns and adverbs},
  author={Khullar, Payal and Rachna, Konigari and Hase, Mukul and Shrivastava, Manish},
  booktitle={Proceedings of ACL 2018, Student Research Workshop},
  pages={153--158},
  year={2018}
}

@inproceedings{ReddyEa2017,
    title = "Generating Natural Language Question-Answer Pairs from a Knowledge Graph Using a {RNN} Based Question Generation Model",
    author = "Reddy, Sathish and
      Raghu, Dinesh  and
      Khapra, Mitesh M.  and
      Joshi, Sachindra",
    booktitle = "Proceedings of the 15th Conference of the {E}uropean Chapter of the {Association for Computational Linguistics}: {Volume} 1, Long Papers",
    month = apr,
    year = "2017",
    address = "Valencia, Spain",
    publisher = "Association for Computational Linguistics",
    url = "https://www.aclweb.org/anthology/E17-1036",
    pages = "376--385"
}

@article{HuEa2018,
  title={Playing 20 question game with policy-based reinforcement learning},
  author={Hu, Huang and Wu, Xianchao and Luo, Bingfeng and Tao, Chongyang and Xu, Can and Wu, Wei and Chen, Zhan},
  journal={arXiv preprint arXiv:1808.07645},
  year={2018}
}

@Article{FabbriEa2020,
author = {Fabbri, Alexander R and Ng, Patrick and Wang, Zhiguo and Nallapati, Ramesh and Xiang, Bing}, 
title = {Template-Based Question Generation from Retrieved Sentences for Improved Unsupervised Question Answering}, 
journal = {arXiv preprint arXiv:2004.11892}, 
volume = {}, 
number = {}, 
pages = {}, 
year = {2020}, 
}

@article{DeyEa2019,
  title={All It Takes is 20 {Questions}!: {A} Knowledge Graph Based Approach},
  author={Dey, Alvin and Jain, Harsh Kumar and Pandey, Vikash Kumar and Chakraborty, Tanmoy},
  journal={arXiv preprint arXiv:1911.05161},
  year={2019}
}

@inproceedings{WaeberEa2011,  
author={Rolf Waeber and Peter I. Frazier and Shane G. Henderson},  
booktitle={Proceedings of the 2011 {Winter Simulation Conference (WSC)}},   
title={A {Bayesian} approach to stochastic root finding},   
year={2011},  
volume={},  
number={},  
pages={4033--4045}
}

@Article{JedynakEa2012,
  author    = {Jedynak, Bruno and Frazier, Peter I. and Sznitman, Raphael},
  title     = {{Twenty Questions} with Noise: {Bayes} Optimal Policies for Entropy Loss},
  journal   = {Journal of Applied Probability},
  year      = {2012},
  volume    = {49},
  number    = {1},
  pages     = {114--136},
  doi       = {10.1239/jap/1331216837},
  publisher = {Cambridge University Press},
}

@article{ToninEa2018,
  title={A 20-Questions-Based Binary Spelling Interface for Communication Systems},
  author={Tonin, Alessandro and Birbaumer, Niels and Chaudhary, Ujwal},
  journal={Brain sciences},
  volume={8},
  number={7},
  pages={126},
  year={2018},
  publisher={Multidisciplinary Digital Publishing Institute}
}

@misc{Burgener2006,
  title={Artificial neural network guessing method and game},
  author={Burgener, Robin},
  year={2006},
  month={10},
  publisher={Google Patents},
  note={US Patent App. 11/102,105}
}

@article{Horstein1963,  
author={M. {Horstein}},  
journal={IEEE Transactions on Information Theory},   
title={Sequential transmission using noiseless feedback},   
year={1963},  
volume={9},  
number={3},  
pages={136--143}
}

@InProceedings{GodinEa2019,
  author    = {Fr{\'e}deric Godin and Anjishnu Kumar and Arpit Mittal},
  title     = {Learning when not to answer: {A} ternary reward structure for reinforcement learning based question answering},
  booktitle = {Proceedings of {NAACL-HLT} 2019},
  year      = {2019},
  pages     = {122--129},
}

@Comment{jabref-meta: databaseType:bibtex;}

@phdthesis{Mandasari2019,
author = {Mandasari, Yani}, 
title = {Follow-up Question Generation}, 
school = {University of Twente}, 
address = {}, 
pages = {}, 
year = {2019}, 
}

@Article{TottieEa2006,
author = {Tottie, Gunnel and Hoffmann, Sebastian}, 
title = {Tag questions in British and American English}, 
journal = {Journal of English Linguistics}, 
volume = {34}, 
number = {4}, 
pages = {283–311}, 
year = {2006}, 
}

@Article{Zerr2014,
author = {Zerr, Jacob}, 
title = {Question Generation using Part of Speech Information},
journal = {Final Report for REU Program at UCCS}, 
volume = {}, 
number = {}, 
pages = {}, 
year = {2014}, 
}

@phdthesis{Bonsignori2007,
author = {Bonsignori, Veronica}, 
title = {Tag Questions in English. A Syntactic, Pragmatic and Prosodic Account}, 
school = {University of Pisa}, 
address = {}, 
pages = {}, 
year = {2007}, 
}

@techreport{JurafskyEa1997,
	Address = {Boulder, CO},
	Author = {Jurafsky, Daniel and Shriberg, Elizabeth and Biasca, Debra},
	Institution = {University of Colorado, Boulder Institute of Cognitive Science},
	Number = {97-02},
	Title = {Switchboard {SWBD}-{DAMSL} Shallow-Discourse-Function Annotation Coders Manual, Draft 13},
	Year = {1997}}

@article{ShribergEa1998,
	Author = {Shriberg, Elizabeth and Bates, Rebecca and Taylor, Paul and Stolcke, Andreas and Jurafsky, Daniel and Ries, Klaus and Coccaro, Noah and Martin, Rachel and Meteer, Marie and Van Ess-Dykema, Carol},
	Journal = {Language and Speech},
	Number = {3--4},
	Pages = {439--487},
	Title = {Can Prosody Aid the Automatic Classification of Dialog Acts in Conversational Speech?},
	Volume = {41},
	Year = {1998}}

@article{StolckeEa2000,
	Author = {Stolcke, Andreas and Ries, Klaus and Coccaro, Noah and Shriberg, Elizabeth and Bates, Rebecca and Jurafsky, Daniel and Taylor, Paul and Martin, Rachel and Meteer, Marie and Van Ess-Dykema, Carol},
	Journal = {Computational Linguistics},
	Number = {3},
	Pages = {339--371},
	Title = {Dialogue Act Modeling for Automatic Tagging and Recognition of Conversational Speech},
	Volume = {26},
	Year = {2000}}

@incollection{Fellbaum2010,
  author    = {Fellbaum, C.},
  title     = {{WordNet}},
  booktitle = {Theory and applications of ontology: computer applications},
  publisher = {Springer},
  year      = {2010},
  pages     = {231--243},
  address   = {Dordrecht},
}

@inproceedings{xian2017zero,
  title={Zero-shot learning-the good, the bad and the ugly},
  author={Xian, Yongqin and Schiele, Bernt and Akata, Zeynep},
  booktitle={Proceedings of the IEEE Conference on Computer Vision and Pattern Recognition},
  pages={4582--4591},
  year={2017}
}

@article{Huddleston1994,
  title={The contrast between interrogatives and questions},
  author={Huddleston, Rodney},
  journal={Journal of Linguistics},
  pages={411--439},
  year={1994}
}


