@Book{Baayen2001,
  title     = {Word Frequency Distributions},
  publisher = {Kluwer Academic Publishers},
  year      = {2001},
  author    = {R. Harald Baayen},
  address   = {Dordrecht\slash Boston\slash London},
}

@Misc{BaroniEvert2014,
  author = {Marco Baroni and Stefan Evert},
  title  = {The {zipfR} package for lexical statistics: A tutorial introduction},
  year   = {2014},
  note   = {Available from \url{http://zipfr.r-forge.r-project.org/}},
}

@InProceedings{Evert2004,
  author    = {Stefan Evert},
  title     = {A Simple {LNRE} Model for Random Character Sequences},
  booktitle = {Proceedings of {JADT} 2004: 7es {J}ournées internationales d’{A}nalyse statistique des {D}onnées {T}extuelles},
  year      = {2004},
}

@Book{Murphy2012,
  title     = {Machine learning: {A} probabilistic perspective},
  publisher = {MIT Press},
  year      = {2012},
  author    = {Kevin P. Murphy},
  address   = {Cambridge/London},
}

@Article{Quinlan1986,
  author  = {J.R. Quinlan},
  title   = {Induction of decision trees},
  journal = {Machine Learning},
  year    = {1986},
  volume  = {1},
  pages   = {81--106},
}